% Encoding: UTF-8

@online{Buehrle2018pt1,
  author = {Buehrle Anita},
  title  = {Top 11 Continuous Delivery Tools for Kubernetes (Part 1)},
  year   = {2018},
  url    = {https://www.weave.works/blog/continuous-delivery-tools-for-kubernetes-part-1},
}

@online{Buehrle2018pt2,
  author = {Buehrle Anita},
  title  = {Top 11 Continuous Delivery Tools for Kubernetes (Part 2)},
  year   = {2018},
  date   = {2018-03-23},
  url    = {https://dzone.com/articles/top-11-continuous-delivery-tools-for-kubernetes-pa},
}

@Comment{jabref-meta: databaseType:biblatex;}
